%YAML 1.1
%TAG !u! tag:unity3d.com,2011:
--- !u!95 &9170787016842592925
Animator:
  serializedVersion: 3
  m_ObjectHideFlags: 0
  m_CorrespondingSourceObject: {fileID: 0}
  m_PrefabInstance: {fileID: 0}
  m_PrefabAsset: {fileID: 0}
  m_GameObject: {fileID: 1249301612217354447}
  m_Enabled: 1
  m_Avatar: {fileID: 0}
  m_Controller: {fileID: 9100000, guid: 16d6b37006f33e54199ba96e7741ec0f, type: 2}
  m_CullingMode: 0
  m_UpdateMode: 0
  m_ApplyRootMotion: 0
  m_LinearVelocityBlending: 0
  m_WarningMessage: 
  m_HasTransformHierarchy: 1
  m_AllowConstantClipSamplingOptimization: 1
  m_KeepAnimatorControllerStateOnDisable: 0
--- !u!1 &3013967748187111835
GameObject:
  m_ObjectHideFlags: 0
  m_CorrespondingSourceObject: {fileID: 0}
  m_PrefabInstance: {fileID: 0}
  m_PrefabAsset: {fileID: 0}
  serializedVersion: 6
  m_Component:
  - component: {fileID: 3013967748187111833}
  - component: {fileID: 3013967748187111832}
  - component: {fileID: 3013967748187111837}
  - component: {fileID: 499235450}
  - component: {fileID: 3855450311835520345}
  m_Layer: 0
  m_Name: Player
  m_TagString: Untagged
  m_Icon: {fileID: 0}
  m_NavMeshLayer: 0
  m_StaticEditorFlags: 0
  m_IsActive: 1
--- !u!4 &3013967748187111833
Transform:
  m_ObjectHideFlags: 0
  m_CorrespondingSourceObject: {fileID: 0}
  m_PrefabInstance: {fileID: 0}
  m_PrefabAsset: {fileID: 0}
  m_GameObject: {fileID: 3013967748187111835}
  m_LocalRotation: {x: 0, y: 0, z: 0, w: 1}
  m_LocalPosition: {x: 0, y: 0, z: 0}
  m_LocalScale: {x: 1, y: 1, z: 1}
  m_Children:
  - {fileID: 3486945576513400747}
  - {fileID: 7609305344993505413}
  m_Father: {fileID: 0}
  m_RootOrder: 0
  m_LocalEulerAnglesHint: {x: 0, y: 0, z: 0}
--- !u!114 &3013967748187111832
MonoBehaviour:
  m_ObjectHideFlags: 0
  m_CorrespondingSourceObject: {fileID: 0}
  m_PrefabInstance: {fileID: 0}
  m_PrefabAsset: {fileID: 0}
  m_GameObject: {fileID: 3013967748187111835}
  m_Enabled: 1
  m_EditorHideFlags: 0
  m_Script: {fileID: 11500000, guid: c5494a11724699d4d9d92f0f72ba14d2, type: 3}
  m_Name: 
  m_EditorClassIdentifier: 
  pData:
    hp: 100
    sp: 100
    speed: 4
    airForce: 1
    jump: 4
    terminalVelocity: 100
--- !u!114 &3013967748187111837
MonoBehaviour:
  m_ObjectHideFlags: 0
  m_CorrespondingSourceObject: {fileID: 0}
  m_PrefabInstance: {fileID: 0}
  m_PrefabAsset: {fileID: 0}
  m_GameObject: {fileID: 3013967748187111835}
  m_Enabled: 1
  m_EditorHideFlags: 0
  m_Script: {fileID: 11500000, guid: 966d94278b53b9b4ab9dc89df0bac1dd, type: 3}
  m_Name: 
  m_EditorClassIdentifier: 
  tag_view: {fileID: 8452669724610620277}
  minimumVert: -85
  maximumVert: 85
  sens: 10
--- !u!54 &499235450
Rigidbody:
  m_ObjectHideFlags: 0
  m_CorrespondingSourceObject: {fileID: 0}
  m_PrefabInstance: {fileID: 0}
  m_PrefabAsset: {fileID: 0}
  m_GameObject: {fileID: 3013967748187111835}
  serializedVersion: 2
  m_Mass: 1
  m_Drag: 0
  m_AngularDrag: 0.05
  m_UseGravity: 1
  m_IsKinematic: 0
  m_Interpolate: 0
  m_Constraints: 112
  m_CollisionDetection: 0
--- !u!136 &3855450311835520345
CapsuleCollider:
  m_ObjectHideFlags: 0
  m_CorrespondingSourceObject: {fileID: 0}
  m_PrefabInstance: {fileID: 0}
  m_PrefabAsset: {fileID: 0}
  m_GameObject: {fileID: 3013967748187111835}
  m_Material: {fileID: 0}
  m_IsTrigger: 0
  m_Enabled: 1
  m_Radius: 0.5
  m_Height: 2.2
  m_Direction: 1
  m_Center: {x: 0, y: 1.1, z: 0}
--- !u!114 &5762197526830591228
MonoBehaviour:
  m_ObjectHideFlags: 0
  m_CorrespondingSourceObject: {fileID: 0}
  m_PrefabInstance: {fileID: 0}
  m_PrefabAsset: {fileID: 0}
  m_GameObject: {fileID: 5435831635825785569}
  m_Enabled: 1
  m_EditorHideFlags: 0
  m_Script: {fileID: 11500000, guid: f5673fd39b3a78540b580a94dac2555a, type: 3}
  m_Name: 
  m_EditorClassIdentifier: 
  groundLayer:
    serializedVersion: 2
    m_Bits: 256
--- !u!1001 &216162083242057238
PrefabInstance:
  m_ObjectHideFlags: 0
  serializedVersion: 2
  m_Modification:
    m_TransformParent: {fileID: 7863285186244864612}
    m_Modifications:
    - target: {fileID: 2630003643008958922, guid: 0cd84545309293c4384ae669dd2ea852, type: 3}
      propertyPath: m_RootOrder
      value: 0
      objectReference: {fileID: 0}
    - target: {fileID: 2630003643008958922, guid: 0cd84545309293c4384ae669dd2ea852, type: 3}
      propertyPath: m_LocalPosition.x
      value: 0
      objectReference: {fileID: 0}
    - target: {fileID: 2630003643008958922, guid: 0cd84545309293c4384ae669dd2ea852, type: 3}
      propertyPath: m_LocalPosition.y
      value: 0
      objectReference: {fileID: 0}
    - target: {fileID: 2630003643008958922, guid: 0cd84545309293c4384ae669dd2ea852, type: 3}
      propertyPath: m_LocalPosition.z
      value: 1.524
      objectReference: {fileID: 0}
    - target: {fileID: 2630003643008958922, guid: 0cd84545309293c4384ae669dd2ea852, type: 3}
      propertyPath: m_LocalRotation.w
      value: 0.5
      objectReference: {fileID: 0}
    - target: {fileID: 2630003643008958922, guid: 0cd84545309293c4384ae669dd2ea852, type: 3}
      propertyPath: m_LocalRotation.x
      value: 0.5
      objectReference: {fileID: 0}
    - target: {fileID: 2630003643008958922, guid: 0cd84545309293c4384ae669dd2ea852, type: 3}
      propertyPath: m_LocalRotation.y
      value: -0.5
      objectReference: {fileID: 0}
    - target: {fileID: 2630003643008958922, guid: 0cd84545309293c4384ae669dd2ea852, type: 3}
      propertyPath: m_LocalRotation.z
      value: -0.5
      objectReference: {fileID: 0}
    - target: {fileID: 2630003643008958922, guid: 0cd84545309293c4384ae669dd2ea852, type: 3}
      propertyPath: m_LocalEulerAnglesHint.x
      value: 180
      objectReference: {fileID: 0}
    - target: {fileID: 2630003643008958922, guid: 0cd84545309293c4384ae669dd2ea852, type: 3}
      propertyPath: m_LocalEulerAnglesHint.y
      value: 90
      objectReference: {fileID: 0}
    - target: {fileID: 2630003643008958922, guid: 0cd84545309293c4384ae669dd2ea852, type: 3}
      propertyPath: m_LocalEulerAnglesHint.z
      value: 90
      objectReference: {fileID: 0}
    - target: {fileID: 2630003643008958923, guid: 0cd84545309293c4384ae669dd2ea852, type: 3}
      propertyPath: m_Name
      value: MainCamera
      objectReference: {fileID: 0}
    m_RemovedComponents: []
  m_SourcePrefab: {fileID: 100100000, guid: 0cd84545309293c4384ae669dd2ea852, type: 3}
--- !u!1001 &2132173926116423070
PrefabInstance:
  m_ObjectHideFlags: 0
  serializedVersion: 2
  m_Modification:
    m_TransformParent: {fileID: 3486945576513400747}
    m_Modifications:
    - target: {fileID: -8834273678831366779, guid: 7716ad22276712e47b05f08ef2acc98f, type: 3}
      propertyPath: m_LocalEulerAnglesHint.x
      value: 71.93276
      objectReference: {fileID: 0}
    - target: {fileID: -8834273678831366779, guid: 7716ad22276712e47b05f08ef2acc98f, type: 3}
      propertyPath: m_LocalEulerAnglesHint.y
      value: 98.89489
      objectReference: {fileID: 0}
    - target: {fileID: -8834273678831366779, guid: 7716ad22276712e47b05f08ef2acc98f, type: 3}
      propertyPath: m_LocalEulerAnglesHint.z
      value: 98.11367
      objectReference: {fileID: 0}
    - target: {fileID: -8732820532641445207, guid: 7716ad22276712e47b05f08ef2acc98f, type: 3}
      propertyPath: m_LocalEulerAnglesHint.x
      value: 4.1618366
      objectReference: {fileID: 0}
    - target: {fileID: -8732820532641445207, guid: 7716ad22276712e47b05f08ef2acc98f, type: 3}
      propertyPath: m_LocalEulerAnglesHint.y
      value: 7.222272
      objectReference: {fileID: 0}
    - target: {fileID: -8732820532641445207, guid: 7716ad22276712e47b05f08ef2acc98f, type: 3}
      propertyPath: m_LocalEulerAnglesHint.z
      value: 38.794872
      objectReference: {fileID: 0}
    - target: {fileID: -8679921383154817045, guid: 7716ad22276712e47b05f08ef2acc98f, type: 3}
      propertyPath: m_RootOrder
      value: 0
      objectReference: {fileID: 0}
    - target: {fileID: -8679921383154817045, guid: 7716ad22276712e47b05f08ef2acc98f, type: 3}
      propertyPath: m_LocalPosition.x
      value: 0
      objectReference: {fileID: 0}
    - target: {fileID: -8679921383154817045, guid: 7716ad22276712e47b05f08ef2acc98f, type: 3}
      propertyPath: m_LocalPosition.y
      value: 0
      objectReference: {fileID: 0}
    - target: {fileID: -8679921383154817045, guid: 7716ad22276712e47b05f08ef2acc98f, type: 3}
      propertyPath: m_LocalPosition.z
      value: 0
      objectReference: {fileID: 0}
    - target: {fileID: -8679921383154817045, guid: 7716ad22276712e47b05f08ef2acc98f, type: 3}
      propertyPath: m_LocalRotation.w
      value: 1
      objectReference: {fileID: 0}
    - target: {fileID: -8679921383154817045, guid: 7716ad22276712e47b05f08ef2acc98f, type: 3}
      propertyPath: m_LocalRotation.x
      value: 0
      objectReference: {fileID: 0}
    - target: {fileID: -8679921383154817045, guid: 7716ad22276712e47b05f08ef2acc98f, type: 3}
      propertyPath: m_LocalRotation.y
      value: 0
      objectReference: {fileID: 0}
    - target: {fileID: -8679921383154817045, guid: 7716ad22276712e47b05f08ef2acc98f, type: 3}
      propertyPath: m_LocalRotation.z
      value: 0
      objectReference: {fileID: 0}
    - target: {fileID: -8679921383154817045, guid: 7716ad22276712e47b05f08ef2acc98f, type: 3}
      propertyPath: m_LocalEulerAnglesHint.x
      value: 0
      objectReference: {fileID: 0}
    - target: {fileID: -8679921383154817045, guid: 7716ad22276712e47b05f08ef2acc98f, type: 3}
      propertyPath: m_LocalEulerAnglesHint.y
      value: 0
      objectReference: {fileID: 0}
    - target: {fileID: -8679921383154817045, guid: 7716ad22276712e47b05f08ef2acc98f, type: 3}
      propertyPath: m_LocalEulerAnglesHint.z
      value: 0
      objectReference: {fileID: 0}
    - target: {fileID: -8295335707707593807, guid: 7716ad22276712e47b05f08ef2acc98f, type: 3}
      propertyPath: m_LocalEulerAnglesHint.x
      value: 0.4812128
      objectReference: {fileID: 0}
    - target: {fileID: -8295335707707593807, guid: 7716ad22276712e47b05f08ef2acc98f, type: 3}
      propertyPath: m_LocalEulerAnglesHint.y
      value: -1.5207644
      objectReference: {fileID: 0}
    - target: {fileID: -8295335707707593807, guid: 7716ad22276712e47b05f08ef2acc98f, type: 3}
      propertyPath: m_LocalEulerAnglesHint.z
      value: -61.28309
      objectReference: {fileID: 0}
    - target: {fileID: -7979773742021834714, guid: 7716ad22276712e47b05f08ef2acc98f, type: 3}
      propertyPath: m_LocalEulerAnglesHint.x
      value: 83.91009
      objectReference: {fileID: 0}
    - target: {fileID: -7979773742021834714, guid: 7716ad22276712e47b05f08ef2acc98f, type: 3}
      propertyPath: m_LocalEulerAnglesHint.y
      value: 30.587053
      objectReference: {fileID: 0}
    - target: {fileID: -7979773742021834714, guid: 7716ad22276712e47b05f08ef2acc98f, type: 3}
      propertyPath: m_LocalEulerAnglesHint.z
      value: -54.978146
      objectReference: {fileID: 0}
    - target: {fileID: -7580239373401015775, guid: 7716ad22276712e47b05f08ef2acc98f, type: 3}
      propertyPath: m_LocalEulerAnglesHint.x
      value: 62.08549
      objectReference: {fileID: 0}
    - target: {fileID: -7580239373401015775, guid: 7716ad22276712e47b05f08ef2acc98f, type: 3}
      propertyPath: m_LocalEulerAnglesHint.y
      value: 81.51798
      objectReference: {fileID: 0}
    - target: {fileID: -7580239373401015775, guid: 7716ad22276712e47b05f08ef2acc98f, type: 3}
      propertyPath: m_LocalEulerAnglesHint.z
      value: 14.204282
      objectReference: {fileID: 0}
    - target: {fileID: -7528930046290407013, guid: 7716ad22276712e47b05f08ef2acc98f, type: 3}
      propertyPath: m_LocalEulerAnglesHint.x
      value: 55.15476
      objectReference: {fileID: 0}
    - target: {fileID: -7528930046290407013, guid: 7716ad22276712e47b05f08ef2acc98f, type: 3}
      propertyPath: m_LocalEulerAnglesHint.y
      value: 95.99078
      objectReference: {fileID: 0}
    - target: {fileID: -7528930046290407013, guid: 7716ad22276712e47b05f08ef2acc98f, type: 3}
      propertyPath: m_LocalEulerAnglesHint.z
      value: 92.45759
      objectReference: {fileID: 0}
    - target: {fileID: -7479362749273352351, guid: 7716ad22276712e47b05f08ef2acc98f, type: 3}
      propertyPath: m_LocalEulerAnglesHint.x
      value: -12.057913
      objectReference: {fileID: 0}
    - target: {fileID: -7479362749273352351, guid: 7716ad22276712e47b05f08ef2acc98f, type: 3}
      propertyPath: m_LocalEulerAnglesHint.y
      value: 4.928304
      objectReference: {fileID: 0}
    - target: {fileID: -7479362749273352351, guid: 7716ad22276712e47b05f08ef2acc98f, type: 3}
      propertyPath: m_LocalEulerAnglesHint.z
      value: -82.76949
      objectReference: {fileID: 0}
    - target: {fileID: -7382641397542654923, guid: 7716ad22276712e47b05f08ef2acc98f, type: 3}
      propertyPath: m_LocalEulerAnglesHint.x
      value: -5.209571
      objectReference: {fileID: 0}
    - target: {fileID: -7382641397542654923, guid: 7716ad22276712e47b05f08ef2acc98f, type: 3}
      propertyPath: m_LocalEulerAnglesHint.y
      value: 21.720863
      objectReference: {fileID: 0}
    - target: {fileID: -7382641397542654923, guid: 7716ad22276712e47b05f08ef2acc98f, type: 3}
      propertyPath: m_LocalEulerAnglesHint.z
      value: -80.1914
      objectReference: {fileID: 0}
    - target: {fileID: -7337711552388500372, guid: 7716ad22276712e47b05f08ef2acc98f, type: 3}
      propertyPath: m_LocalEulerAnglesHint.x
      value: -1.5430136
      objectReference: {fileID: 0}
    - target: {fileID: -7337711552388500372, guid: 7716ad22276712e47b05f08ef2acc98f, type: 3}
      propertyPath: m_LocalEulerAnglesHint.y
      value: 3.8720746
      objectReference: {fileID: 0}
    - target: {fileID: -7337711552388500372, guid: 7716ad22276712e47b05f08ef2acc98f, type: 3}
      propertyPath: m_LocalEulerAnglesHint.z
      value: -46.762268
      objectReference: {fileID: 0}
    - target: {fileID: -7108265810069787903, guid: 7716ad22276712e47b05f08ef2acc98f, type: 3}
      propertyPath: m_LocalEulerAnglesHint.x
      value: 0.02665838
      objectReference: {fileID: 0}
    - target: {fileID: -7108265810069787903, guid: 7716ad22276712e47b05f08ef2acc98f, type: 3}
      propertyPath: m_LocalEulerAnglesHint.y
      value: 0.3625242
      objectReference: {fileID: 0}
    - target: {fileID: -7108265810069787903, guid: 7716ad22276712e47b05f08ef2acc98f, type: 3}
      propertyPath: m_LocalEulerAnglesHint.z
      value: -68.447975
      objectReference: {fileID: 0}
    - target: {fileID: -6907422245469558367, guid: 7716ad22276712e47b05f08ef2acc98f, type: 3}
      propertyPath: m_LocalEulerAnglesHint.x
      value: 9.492132
      objectReference: {fileID: 0}
    - target: {fileID: -6907422245469558367, guid: 7716ad22276712e47b05f08ef2acc98f, type: 3}
      propertyPath: m_LocalEulerAnglesHint.y
      value: -6.6664867
      objectReference: {fileID: 0}
    - target: {fileID: -6907422245469558367, guid: 7716ad22276712e47b05f08ef2acc98f, type: 3}
      propertyPath: m_LocalEulerAnglesHint.z
      value: 40.92456
      objectReference: {fileID: 0}
    - target: {fileID: -6464480891584727766, guid: 7716ad22276712e47b05f08ef2acc98f, type: 3}
      propertyPath: m_LocalEulerAnglesHint.x
      value: 1.4009396
      objectReference: {fileID: 0}
    - target: {fileID: -6464480891584727766, guid: 7716ad22276712e47b05f08ef2acc98f, type: 3}
      propertyPath: m_LocalEulerAnglesHint.y
      value: -2.8864625
      objectReference: {fileID: 0}
    - target: {fileID: -6464480891584727766, guid: 7716ad22276712e47b05f08ef2acc98f, type: 3}
      propertyPath: m_LocalEulerAnglesHint.z
      value: -40.260056
      objectReference: {fileID: 0}
    - target: {fileID: -5759533687550594794, guid: 7716ad22276712e47b05f08ef2acc98f, type: 3}
      propertyPath: m_LocalEulerAnglesHint.x
      value: 14.429556
      objectReference: {fileID: 0}
    - target: {fileID: -5759533687550594794, guid: 7716ad22276712e47b05f08ef2acc98f, type: 3}
      propertyPath: m_LocalEulerAnglesHint.y
      value: 28.858568
      objectReference: {fileID: 0}
    - target: {fileID: -5759533687550594794, guid: 7716ad22276712e47b05f08ef2acc98f, type: 3}
      propertyPath: m_LocalEulerAnglesHint.z
      value: -25.217478
      objectReference: {fileID: 0}
    - target: {fileID: -5314335149336582963, guid: 7716ad22276712e47b05f08ef2acc98f, type: 3}
      propertyPath: m_LocalEulerAnglesHint.x
      value: 0.020728325
      objectReference: {fileID: 0}
    - target: {fileID: -5314335149336582963, guid: 7716ad22276712e47b05f08ef2acc98f, type: 3}
      propertyPath: m_LocalEulerAnglesHint.y
      value: 0.3577201
      objectReference: {fileID: 0}
    - target: {fileID: -5314335149336582963, guid: 7716ad22276712e47b05f08ef2acc98f, type: 3}
      propertyPath: m_LocalEulerAnglesHint.z
      value: -56.261555
      objectReference: {fileID: 0}
    - target: {fileID: -4852780160269272600, guid: 7716ad22276712e47b05f08ef2acc98f, type: 3}
      propertyPath: m_LocalEulerAnglesHint.x
      value: -59.35757
      objectReference: {fileID: 0}
    - target: {fileID: -4852780160269272600, guid: 7716ad22276712e47b05f08ef2acc98f, type: 3}
      propertyPath: m_LocalEulerAnglesHint.y
      value: -0.0013525845
      objectReference: {fileID: 0}
    - target: {fileID: -4852780160269272600, guid: 7716ad22276712e47b05f08ef2acc98f, type: 3}
      propertyPath: m_LocalEulerAnglesHint.z
      value: -61.93541
      objectReference: {fileID: 0}
    - target: {fileID: -4635292302157579930, guid: 7716ad22276712e47b05f08ef2acc98f, type: 3}
      propertyPath: m_LocalEulerAnglesHint.x
      value: 2.2094772
      objectReference: {fileID: 0}
    - target: {fileID: -4635292302157579930, guid: 7716ad22276712e47b05f08ef2acc98f, type: 3}
      propertyPath: m_LocalEulerAnglesHint.y
      value: 38.57518
      objectReference: {fileID: 0}
    - target: {fileID: -4635292302157579930, guid: 7716ad22276712e47b05f08ef2acc98f, type: 3}
      propertyPath: m_LocalEulerAnglesHint.z
      value: -24.261003
      objectReference: {fileID: 0}
    - target: {fileID: -4610889422995293182, guid: 7716ad22276712e47b05f08ef2acc98f, type: 3}
      propertyPath: m_LocalEulerAnglesHint.x
      value: 13.967844
      objectReference: {fileID: 0}
    - target: {fileID: -4610889422995293182, guid: 7716ad22276712e47b05f08ef2acc98f, type: 3}
      propertyPath: m_LocalEulerAnglesHint.y
      value: -6.776147
      objectReference: {fileID: 0}
    - target: {fileID: -4610889422995293182, guid: 7716ad22276712e47b05f08ef2acc98f, type: 3}
      propertyPath: m_LocalEulerAnglesHint.z
      value: 46.067585
      objectReference: {fileID: 0}
    - target: {fileID: -3984015414235615074, guid: 7716ad22276712e47b05f08ef2acc98f, type: 3}
      propertyPath: m_LocalEulerAnglesHint.x
      value: -3.5924914
      objectReference: {fileID: 0}
    - target: {fileID: -3984015414235615074, guid: 7716ad22276712e47b05f08ef2acc98f, type: 3}
      propertyPath: m_LocalEulerAnglesHint.y
      value: 7.438835
      objectReference: {fileID: 0}
    - target: {fileID: -3984015414235615074, guid: 7716ad22276712e47b05f08ef2acc98f, type: 3}
      propertyPath: m_LocalEulerAnglesHint.z
      value: 62.50269
      objectReference: {fileID: 0}
    - target: {fileID: -3790363377891175359, guid: 7716ad22276712e47b05f08ef2acc98f, type: 3}
      propertyPath: m_LocalEulerAnglesHint.x
      value: -3.0087857
      objectReference: {fileID: 0}
    - target: {fileID: -3790363377891175359, guid: 7716ad22276712e47b05f08ef2acc98f, type: 3}
      propertyPath: m_LocalEulerAnglesHint.y
      value: 1.523202
      objectReference: {fileID: 0}
    - target: {fileID: -3790363377891175359, guid: 7716ad22276712e47b05f08ef2acc98f, type: 3}
      propertyPath: m_LocalEulerAnglesHint.z
      value: -48.2243
      objectReference: {fileID: 0}
    - target: {fileID: -3648486905204636925, guid: 7716ad22276712e47b05f08ef2acc98f, type: 3}
      propertyPath: m_LocalEulerAnglesHint.x
      value: 74.4017
      objectReference: {fileID: 0}
    - target: {fileID: -3648486905204636925, guid: 7716ad22276712e47b05f08ef2acc98f, type: 3}
      propertyPath: m_LocalEulerAnglesHint.y
      value: -5.9507976
      objectReference: {fileID: 0}
    - target: {fileID: -3648486905204636925, guid: 7716ad22276712e47b05f08ef2acc98f, type: 3}
      propertyPath: m_LocalEulerAnglesHint.z
      value: -92.80708
      objectReference: {fileID: 0}
    - target: {fileID: -3040895529612308341, guid: 7716ad22276712e47b05f08ef2acc98f, type: 3}
      propertyPath: m_LocalEulerAnglesHint.x
      value: 0.12560676
      objectReference: {fileID: 0}
    - target: {fileID: -3040895529612308341, guid: 7716ad22276712e47b05f08ef2acc98f, type: 3}
      propertyPath: m_LocalEulerAnglesHint.y
      value: -3.0411491
      objectReference: {fileID: 0}
    - target: {fileID: -3040895529612308341, guid: 7716ad22276712e47b05f08ef2acc98f, type: 3}
      propertyPath: m_LocalEulerAnglesHint.z
      value: -44.867115
      objectReference: {fileID: 0}
    - target: {fileID: -2943230445176736042, guid: 7716ad22276712e47b05f08ef2acc98f, type: 3}
      propertyPath: m_LocalEulerAnglesHint.x
      value: -3.8185558
      objectReference: {fileID: 0}
    - target: {fileID: -2943230445176736042, guid: 7716ad22276712e47b05f08ef2acc98f, type: 3}
      propertyPath: m_LocalEulerAnglesHint.y
      value: 0.51836693
      objectReference: {fileID: 0}
    - target: {fileID: -2943230445176736042, guid: 7716ad22276712e47b05f08ef2acc98f, type: 3}
      propertyPath: m_LocalEulerAnglesHint.z
      value: -70.72572
      objectReference: {fileID: 0}
    - target: {fileID: -2693130909302339101, guid: 7716ad22276712e47b05f08ef2acc98f, type: 3}
      propertyPath: m_LocalEulerAnglesHint.x
      value: 20.796122
      objectReference: {fileID: 0}
    - target: {fileID: -2693130909302339101, guid: 7716ad22276712e47b05f08ef2acc98f, type: 3}
      propertyPath: m_LocalEulerAnglesHint.y
      value: -90.00367
      objectReference: {fileID: 0}
    - target: {fileID: -2693130909302339101, guid: 7716ad22276712e47b05f08ef2acc98f, type: 3}
      propertyPath: m_LocalEulerAnglesHint.z
      value: 89.99932
      objectReference: {fileID: 0}
    - target: {fileID: -2663366538353850185, guid: 7716ad22276712e47b05f08ef2acc98f, type: 3}
      propertyPath: m_LocalEulerAnglesHint.x
      value: -46.03549
      objectReference: {fileID: 0}
    - target: {fileID: -2663366538353850185, guid: 7716ad22276712e47b05f08ef2acc98f, type: 3}
      propertyPath: m_LocalEulerAnglesHint.y
      value: -0.002125754
      objectReference: {fileID: 0}
    - target: {fileID: -2663366538353850185, guid: 7716ad22276712e47b05f08ef2acc98f, type: 3}
      propertyPath: m_LocalEulerAnglesHint.z
      value: 0.004554468
      objectReference: {fileID: 0}
    - target: {fileID: -2607975429817457723, guid: 7716ad22276712e47b05f08ef2acc98f, type: 3}
      propertyPath: m_LocalEulerAnglesHint.x
      value: -1.1626241
      objectReference: {fileID: 0}
    - target: {fileID: -2607975429817457723, guid: 7716ad22276712e47b05f08ef2acc98f, type: 3}
      propertyPath: m_LocalEulerAnglesHint.y
      value: -3.9984722
      objectReference: {fileID: 0}
    - target: {fileID: -2607975429817457723, guid: 7716ad22276712e47b05f08ef2acc98f, type: 3}
      propertyPath: m_LocalEulerAnglesHint.z
      value: -48.252148
      objectReference: {fileID: 0}
    - target: {fileID: -2551850484895692120, guid: 7716ad22276712e47b05f08ef2acc98f, type: 3}
      propertyPath: m_LocalEulerAnglesHint.x
      value: -0.55907446
      objectReference: {fileID: 0}
    - target: {fileID: -2551850484895692120, guid: 7716ad22276712e47b05f08ef2acc98f, type: 3}
      propertyPath: m_LocalEulerAnglesHint.y
      value: 5.8943334
      objectReference: {fileID: 0}
    - target: {fileID: -2551850484895692120, guid: 7716ad22276712e47b05f08ef2acc98f, type: 3}
      propertyPath: m_LocalEulerAnglesHint.z
      value: -77.87998
      objectReference: {fileID: 0}
    - target: {fileID: -1947434543354293716, guid: 7716ad22276712e47b05f08ef2acc98f, type: 3}
      propertyPath: m_LocalEulerAnglesHint.x
      value: -44.469597
      objectReference: {fileID: 0}
    - target: {fileID: -1947434543354293716, guid: 7716ad22276712e47b05f08ef2acc98f, type: 3}
      propertyPath: m_LocalEulerAnglesHint.y
      value: -28.21519
      objectReference: {fileID: 0}
    - target: {fileID: -1947434543354293716, guid: 7716ad22276712e47b05f08ef2acc98f, type: 3}
      propertyPath: m_LocalEulerAnglesHint.z
      value: -16.162237
      objectReference: {fileID: 0}
    - target: {fileID: -1646429588082758313, guid: 7716ad22276712e47b05f08ef2acc98f, type: 3}
      propertyPath: m_LocalEulerAnglesHint.x
      value: -2.8111763
      objectReference: {fileID: 0}
    - target: {fileID: -1646429588082758313, guid: 7716ad22276712e47b05f08ef2acc98f, type: 3}
      propertyPath: m_LocalEulerAnglesHint.y
      value: 32.23202
      objectReference: {fileID: 0}
    - target: {fileID: -1646429588082758313, guid: 7716ad22276712e47b05f08ef2acc98f, type: 3}
      propertyPath: m_LocalEulerAnglesHint.z
      value: -22.366848
      objectReference: {fileID: 0}
    - target: {fileID: -1350031211004570396, guid: 7716ad22276712e47b05f08ef2acc98f, type: 3}
      propertyPath: m_LocalEulerAnglesHint.x
      value: -3.8279827
      objectReference: {fileID: 0}
    - target: {fileID: -1350031211004570396, guid: 7716ad22276712e47b05f08ef2acc98f, type: 3}
      propertyPath: m_LocalEulerAnglesHint.y
      value: 0.516794
      objectReference: {fileID: 0}
    - target: {fileID: -1350031211004570396, guid: 7716ad22276712e47b05f08ef2acc98f, type: 3}
      propertyPath: m_LocalEulerAnglesHint.z
      value: -51.4541
      objectReference: {fileID: 0}
    - target: {fileID: 111692317987129287, guid: 7716ad22276712e47b05f08ef2acc98f, type: 3}
      propertyPath: m_LocalEulerAnglesHint.x
      value: -34.668705
      objectReference: {fileID: 0}
    - target: {fileID: 111692317987129287, guid: 7716ad22276712e47b05f08ef2acc98f, type: 3}
      propertyPath: m_LocalEulerAnglesHint.y
      value: 18.951687
      objectReference: {fileID: 0}
    - target: {fileID: 111692317987129287, guid: 7716ad22276712e47b05f08ef2acc98f, type: 3}
      propertyPath: m_LocalEulerAnglesHint.z
      value: -54.886177
      objectReference: {fileID: 0}
    - target: {fileID: 234918598747555307, guid: 7716ad22276712e47b05f08ef2acc98f, type: 3}
      propertyPath: m_LocalEulerAnglesHint.x
      value: -26.116043
      objectReference: {fileID: 0}
    - target: {fileID: 234918598747555307, guid: 7716ad22276712e47b05f08ef2acc98f, type: 3}
      propertyPath: m_LocalEulerAnglesHint.y
      value: -8.920837
      objectReference: {fileID: 0}
    - target: {fileID: 234918598747555307, guid: 7716ad22276712e47b05f08ef2acc98f, type: 3}
      propertyPath: m_LocalEulerAnglesHint.z
      value: -83.47579
      objectReference: {fileID: 0}
    - target: {fileID: 275819817062483045, guid: 7716ad22276712e47b05f08ef2acc98f, type: 3}
      propertyPath: m_LocalEulerAnglesHint.x
      value: -24.683681
      objectReference: {fileID: 0}
    - target: {fileID: 275819817062483045, guid: 7716ad22276712e47b05f08ef2acc98f, type: 3}
      propertyPath: m_LocalEulerAnglesHint.y
      value: -29.029346
      objectReference: {fileID: 0}
    - target: {fileID: 275819817062483045, guid: 7716ad22276712e47b05f08ef2acc98f, type: 3}
      propertyPath: m_LocalEulerAnglesHint.z
      value: -160.124
      objectReference: {fileID: 0}
    - target: {fileID: 385159586283076255, guid: 7716ad22276712e47b05f08ef2acc98f, type: 3}
      propertyPath: m_LocalEulerAnglesHint.x
      value: 88.253136
      objectReference: {fileID: 0}
    - target: {fileID: 385159586283076255, guid: 7716ad22276712e47b05f08ef2acc98f, type: 3}
      propertyPath: m_LocalEulerAnglesHint.y
      value: 47.53413
      objectReference: {fileID: 0}
    - target: {fileID: 385159586283076255, guid: 7716ad22276712e47b05f08ef2acc98f, type: 3}
      propertyPath: m_LocalEulerAnglesHint.z
      value: -137.64899
      objectReference: {fileID: 0}
    - target: {fileID: 665124067605372353, guid: 7716ad22276712e47b05f08ef2acc98f, type: 3}
      propertyPath: m_LocalEulerAnglesHint.x
      value: -1.1589594
      objectReference: {fileID: 0}
    - target: {fileID: 665124067605372353, guid: 7716ad22276712e47b05f08ef2acc98f, type: 3}
      propertyPath: m_LocalEulerAnglesHint.y
      value: -4.001406
      objectReference: {fileID: 0}
    - target: {fileID: 665124067605372353, guid: 7716ad22276712e47b05f08ef2acc98f, type: 3}
      propertyPath: m_LocalEulerAnglesHint.z
      value: -36.722065
      objectReference: {fileID: 0}
    - target: {fileID: 919132149155446097, guid: 7716ad22276712e47b05f08ef2acc98f, type: 3}
      propertyPath: m_Name
      value: scar_h
      objectReference: {fileID: 0}
    - target: {fileID: 1260544743242687363, guid: 7716ad22276712e47b05f08ef2acc98f, type: 3}
      propertyPath: m_LocalEulerAnglesHint.x
      value: -17.23293
      objectReference: {fileID: 0}
    - target: {fileID: 1260544743242687363, guid: 7716ad22276712e47b05f08ef2acc98f, type: 3}
      propertyPath: m_LocalEulerAnglesHint.y
      value: -5.8144975
      objectReference: {fileID: 0}
    - target: {fileID: 1260544743242687363, guid: 7716ad22276712e47b05f08ef2acc98f, type: 3}
      propertyPath: m_LocalEulerAnglesHint.z
      value: 34.92922
      objectReference: {fileID: 0}
    - target: {fileID: 1479176921304131062, guid: 7716ad22276712e47b05f08ef2acc98f, type: 3}
      propertyPath: m_LocalEulerAnglesHint.x
      value: 55.15562
      objectReference: {fileID: 0}
    - target: {fileID: 1479176921304131062, guid: 7716ad22276712e47b05f08ef2acc98f, type: 3}
      propertyPath: m_LocalEulerAnglesHint.y
      value: 95.98403
      objectReference: {fileID: 0}
    - target: {fileID: 1479176921304131062, guid: 7716ad22276712e47b05f08ef2acc98f, type: 3}
      propertyPath: m_LocalEulerAnglesHint.z
      value: 92.45611
      objectReference: {fileID: 0}
    - target: {fileID: 1716251631800828700, guid: 7716ad22276712e47b05f08ef2acc98f, type: 3}
      propertyPath: m_LocalEulerAnglesHint.x
      value: -0.9934049
      objectReference: {fileID: 0}
    - target: {fileID: 1716251631800828700, guid: 7716ad22276712e47b05f08ef2acc98f, type: 3}
      propertyPath: m_LocalEulerAnglesHint.y
      value: 2.256148
      objectReference: {fileID: 0}
    - target: {fileID: 1716251631800828700, guid: 7716ad22276712e47b05f08ef2acc98f, type: 3}
      propertyPath: m_LocalEulerAnglesHint.z
      value: -79.92719
      objectReference: {fileID: 0}
    - target: {fileID: 2198650132126810848, guid: 7716ad22276712e47b05f08ef2acc98f, type: 3}
      propertyPath: m_LocalEulerAnglesHint.x
      value: -34.995403
      objectReference: {fileID: 0}
    - target: {fileID: 2198650132126810848, guid: 7716ad22276712e47b05f08ef2acc98f, type: 3}
      propertyPath: m_LocalEulerAnglesHint.y
      value: 0.004695287
      objectReference: {fileID: 0}
    - target: {fileID: 2198650132126810848, guid: 7716ad22276712e47b05f08ef2acc98f, type: 3}
      propertyPath: m_LocalEulerAnglesHint.z
      value: 89.993324
      objectReference: {fileID: 0}
    - target: {fileID: 2476942748316132454, guid: 7716ad22276712e47b05f08ef2acc98f, type: 3}
      propertyPath: m_LocalEulerAnglesHint.x
      value: 71.926476
      objectReference: {fileID: 0}
    - target: {fileID: 2476942748316132454, guid: 7716ad22276712e47b05f08ef2acc98f, type: 3}
      propertyPath: m_LocalEulerAnglesHint.y
      value: 98.92121
      objectReference: {fileID: 0}
    - target: {fileID: 2476942748316132454, guid: 7716ad22276712e47b05f08ef2acc98f, type: 3}
      propertyPath: m_LocalEulerAnglesHint.z
      value: 98.145
      objectReference: {fileID: 0}
    - target: {fileID: 3338055427712357864, guid: 7716ad22276712e47b05f08ef2acc98f, type: 3}
      propertyPath: m_LocalEulerAnglesHint.x
      value: 3.0941408
      objectReference: {fileID: 0}
    - target: {fileID: 3338055427712357864, guid: 7716ad22276712e47b05f08ef2acc98f, type: 3}
      propertyPath: m_LocalEulerAnglesHint.y
      value: 0.26396927
      objectReference: {fileID: 0}
    - target: {fileID: 3338055427712357864, guid: 7716ad22276712e47b05f08ef2acc98f, type: 3}
      propertyPath: m_LocalEulerAnglesHint.z
      value: -72.85245
      objectReference: {fileID: 0}
    - target: {fileID: 4705588745769245304, guid: 7716ad22276712e47b05f08ef2acc98f, type: 3}
      propertyPath: m_LocalEulerAnglesHint.x
      value: -4.6417
      objectReference: {fileID: 0}
    - target: {fileID: 4705588745769245304, guid: 7716ad22276712e47b05f08ef2acc98f, type: 3}
      propertyPath: m_LocalEulerAnglesHint.y
      value: -0.00007106644
      objectReference: {fileID: 0}
    - target: {fileID: 4705588745769245304, guid: 7716ad22276712e47b05f08ef2acc98f, type: 3}
      propertyPath: m_LocalEulerAnglesHint.z
      value: 0.0017534355
      objectReference: {fileID: 0}
    - target: {fileID: 4866345543935490998, guid: 7716ad22276712e47b05f08ef2acc98f, type: 3}
      propertyPath: m_LocalEulerAnglesHint.x
      value: -3.0019023
      objectReference: {fileID: 0}
    - target: {fileID: 4866345543935490998, guid: 7716ad22276712e47b05f08ef2acc98f, type: 3}
      propertyPath: m_LocalEulerAnglesHint.y
      value: 1.5220938
      objectReference: {fileID: 0}
    - target: {fileID: 4866345543935490998, guid: 7716ad22276712e47b05f08ef2acc98f, type: 3}
      propertyPath: m_LocalEulerAnglesHint.z
      value: -59.484947
      objectReference: {fileID: 0}
    - target: {fileID: 5073236629015628451, guid: 7716ad22276712e47b05f08ef2acc98f, type: 3}
      propertyPath: m_LocalEulerAnglesHint.x
      value: -36.81146
      objectReference: {fileID: 0}
    - target: {fileID: 5073236629015628451, guid: 7716ad22276712e47b05f08ef2acc98f, type: 3}
      propertyPath: m_LocalEulerAnglesHint.y
      value: -3.3102276
      objectReference: {fileID: 0}
    - target: {fileID: 5073236629015628451, guid: 7716ad22276712e47b05f08ef2acc98f, type: 3}
      propertyPath: m_LocalEulerAnglesHint.z
      value: -22.69165
      objectReference: {fileID: 0}
    - target: {fileID: 6013619664758286450, guid: 7716ad22276712e47b05f08ef2acc98f, type: 3}
      propertyPath: m_LocalEulerAnglesHint.x
      value: -20.77596
      objectReference: {fileID: 0}
    - target: {fileID: 6013619664758286450, guid: 7716ad22276712e47b05f08ef2acc98f, type: 3}
      propertyPath: m_LocalEulerAnglesHint.y
      value: 86.987785
      objectReference: {fileID: 0}
    - target: {fileID: 6013619664758286450, guid: 7716ad22276712e47b05f08ef2acc98f, type: 3}
      propertyPath: m_LocalEulerAnglesHint.z
      value: -88.97998
      objectReference: {fileID: 0}
    - target: {fileID: 6099945835226371734, guid: 7716ad22276712e47b05f08ef2acc98f, type: 3}
      propertyPath: m_LocalEulerAnglesHint.x
      value: 74.27844
      objectReference: {fileID: 0}
    - target: {fileID: 6099945835226371734, guid: 7716ad22276712e47b05f08ef2acc98f, type: 3}
      propertyPath: m_LocalEulerAnglesHint.y
      value: 59.041504
      objectReference: {fileID: 0}
    - target: {fileID: 6099945835226371734, guid: 7716ad22276712e47b05f08ef2acc98f, type: 3}
      propertyPath: m_LocalEulerAnglesHint.z
      value: 41.071857
      objectReference: {fileID: 0}
    - target: {fileID: 6835863674288595362, guid: 7716ad22276712e47b05f08ef2acc98f, type: 3}
      propertyPath: m_LocalEulerAnglesHint.x
      value: -0.059684366
      objectReference: {fileID: 0}
    - target: {fileID: 6835863674288595362, guid: 7716ad22276712e47b05f08ef2acc98f, type: 3}
      propertyPath: m_LocalEulerAnglesHint.y
      value: -1.5166229
      objectReference: {fileID: 0}
    - target: {fileID: 6835863674288595362, guid: 7716ad22276712e47b05f08ef2acc98f, type: 3}
      propertyPath: m_LocalEulerAnglesHint.z
      value: -63.89839
      objectReference: {fileID: 0}
    - target: {fileID: 7816812896206662253, guid: 7716ad22276712e47b05f08ef2acc98f, type: 3}
      propertyPath: m_LocalEulerAnglesHint.x
      value: 0
      objectReference: {fileID: 0}
    - target: {fileID: 7816812896206662253, guid: 7716ad22276712e47b05f08ef2acc98f, type: 3}
      propertyPath: m_LocalEulerAnglesHint.y
      value: 0
      objectReference: {fileID: 0}
    - target: {fileID: 7816812896206662253, guid: 7716ad22276712e47b05f08ef2acc98f, type: 3}
      propertyPath: m_LocalEulerAnglesHint.z
      value: 0
      objectReference: {fileID: 0}
    - target: {fileID: 8569053300550182679, guid: 7716ad22276712e47b05f08ef2acc98f, type: 3}
      propertyPath: m_LocalEulerAnglesHint.x
      value: -17.7649
      objectReference: {fileID: 0}
    - target: {fileID: 8569053300550182679, guid: 7716ad22276712e47b05f08ef2acc98f, type: 3}
      propertyPath: m_LocalEulerAnglesHint.y
      value: -2.7820556
      objectReference: {fileID: 0}
    - target: {fileID: 8569053300550182679, guid: 7716ad22276712e47b05f08ef2acc98f, type: 3}
      propertyPath: m_LocalEulerAnglesHint.z
      value: -86.06201
      objectReference: {fileID: 0}
    - target: {fileID: 8822670779912965070, guid: 7716ad22276712e47b05f08ef2acc98f, type: 3}
      propertyPath: m_LocalEulerAnglesHint.x
      value: -3.691257
      objectReference: {fileID: 0}
    - target: {fileID: 8822670779912965070, guid: 7716ad22276712e47b05f08ef2acc98f, type: 3}
      propertyPath: m_LocalEulerAnglesHint.y
      value: 131.25784
      objectReference: {fileID: 0}
    - target: {fileID: 8822670779912965070, guid: 7716ad22276712e47b05f08ef2acc98f, type: 3}
      propertyPath: m_LocalEulerAnglesHint.z
      value: -172.19862
      objectReference: {fileID: 0}
    - target: {fileID: 8963965196196676332, guid: 7716ad22276712e47b05f08ef2acc98f, type: 3}
      propertyPath: m_LocalEulerAnglesHint.x
      value: -59.35382
      objectReference: {fileID: 0}
    - target: {fileID: 8963965196196676332, guid: 7716ad22276712e47b05f08ef2acc98f, type: 3}
      propertyPath: m_LocalEulerAnglesHint.y
      value: -0.010347804
      objectReference: {fileID: 0}
    - target: {fileID: 8963965196196676332, guid: 7716ad22276712e47b05f08ef2acc98f, type: 3}
      propertyPath: m_LocalEulerAnglesHint.z
      value: -43.62167
      objectReference: {fileID: 0}
    m_RemovedComponents: []
  m_SourcePrefab: {fileID: 100100000, guid: 7716ad22276712e47b05f08ef2acc98f, type: 3}
--- !u!1 &1249301612217354447 stripped
GameObject:
  m_CorrespondingSourceObject: {fileID: 919132149155446097, guid: 7716ad22276712e47b05f08ef2acc98f, type: 3}
  m_PrefabInstance: {fileID: 2132173926116423070}
  m_PrefabAsset: {fileID: 0}
--- !u!1 &8452669724610620277 stripped
GameObject:
  m_CorrespondingSourceObject: {fileID: 7555609396745182955, guid: 7716ad22276712e47b05f08ef2acc98f, type: 3}
  m_PrefabInstance: {fileID: 2132173926116423070}
  m_PrefabAsset: {fileID: 0}
--- !u!4 &7863285186244864612 stripped
Transform:
  m_CorrespondingSourceObject: {fileID: 8121961366676545530, guid: 7716ad22276712e47b05f08ef2acc98f, type: 3}
  m_PrefabInstance: {fileID: 2132173926116423070}
  m_PrefabAsset: {fileID: 0}
--- !u!1001 &2737231402884685302
PrefabInstance:
  m_ObjectHideFlags: 0
  serializedVersion: 2
  m_Modification:
    m_TransformParent: {fileID: 3013967748187111833}
    m_Modifications:
    - target: {fileID: 5504867212876180851, guid: b42699e87d29ec848b6ea2f3a2221a37, type: 3}
      propertyPath: m_RootOrder
      value: 1
      objectReference: {fileID: 0}
    - target: {fileID: 5504867212876180851, guid: b42699e87d29ec848b6ea2f3a2221a37, type: 3}
      propertyPath: m_LocalPosition.x
      value: 0
      objectReference: {fileID: 0}
    - target: {fileID: 5504867212876180851, guid: b42699e87d29ec848b6ea2f3a2221a37, type: 3}
      propertyPath: m_LocalPosition.y
      value: 0
      objectReference: {fileID: 0}
    - target: {fileID: 5504867212876180851, guid: b42699e87d29ec848b6ea2f3a2221a37, type: 3}
      propertyPath: m_LocalPosition.z
      value: 0
      objectReference: {fileID: 0}
    - target: {fileID: 5504867212876180851, guid: b42699e87d29ec848b6ea2f3a2221a37, type: 3}
      propertyPath: m_LocalRotation.w
      value: 1
      objectReference: {fileID: 0}
    - target: {fileID: 5504867212876180851, guid: b42699e87d29ec848b6ea2f3a2221a37, type: 3}
      propertyPath: m_LocalRotation.x
      value: 0
      objectReference: {fileID: 0}
    - target: {fileID: 5504867212876180851, guid: b42699e87d29ec848b6ea2f3a2221a37, type: 3}
      propertyPath: m_LocalRotation.y
      value: 0
      objectReference: {fileID: 0}
    - target: {fileID: 5504867212876180851, guid: b42699e87d29ec848b6ea2f3a2221a37, type: 3}
      propertyPath: m_LocalRotation.z
      value: 0
      objectReference: {fileID: 0}
    - target: {fileID: 5504867212876180851, guid: b42699e87d29ec848b6ea2f3a2221a37, type: 3}
      propertyPath: m_LocalEulerAnglesHint.x
      value: 0
      objectReference: {fileID: 0}
    - target: {fileID: 5504867212876180851, guid: b42699e87d29ec848b6ea2f3a2221a37, type: 3}
      propertyPath: m_LocalEulerAnglesHint.y
      value: 0
      objectReference: {fileID: 0}
    - target: {fileID: 5504867212876180851, guid: b42699e87d29ec848b6ea2f3a2221a37, type: 3}
      propertyPath: m_LocalEulerAnglesHint.z
      value: 0
      objectReference: {fileID: 0}
    - target: {fileID: 7967832458333103895, guid: b42699e87d29ec848b6ea2f3a2221a37, type: 3}
      propertyPath: m_Name
      value: GroundChecker
      objectReference: {fileID: 0}
    m_RemovedComponents: []
  m_SourcePrefab: {fileID: 100100000, guid: b42699e87d29ec848b6ea2f3a2221a37, type: 3}
--- !u!1 &5435831635825785569 stripped
GameObject:
  m_CorrespondingSourceObject: {fileID: 7967832458333103895, guid: b42699e87d29ec848b6ea2f3a2221a37, type: 3}
  m_PrefabInstance: {fileID: 2737231402884685302}
  m_PrefabAsset: {fileID: 0}
--- !u!4 &7609305344993505413 stripped
Transform:
  m_CorrespondingSourceObject: {fileID: 5504867212876180851, guid: b42699e87d29ec848b6ea2f3a2221a37, type: 3}
  m_PrefabInstance: {fileID: 2737231402884685302}
  m_PrefabAsset: {fileID: 0}
--- !u!1001 &3013967748176620094
PrefabInstance:
  m_ObjectHideFlags: 0
  serializedVersion: 2
  m_Modification:
    m_TransformParent: {fileID: 3013967748187111833}
    m_Modifications:
    - target: {fileID: 11089429, guid: 6c16f0cb5aa4cdf439397ab668ad5a53, type: 3}
      propertyPath: m_Depth
      value: 0
      objectReference: {fileID: 0}
    - target: {fileID: 11089429, guid: 6c16f0cb5aa4cdf439397ab668ad5a53, type: 3}
      propertyPath: field of view
      value: 50
      objectReference: {fileID: 0}
    - target: {fileID: 11089429, guid: 6c16f0cb5aa4cdf439397ab668ad5a53, type: 3}
      propertyPath: m_FocalLength
      value: 25.734083
      objectReference: {fileID: 0}
    - target: {fileID: 11089429, guid: 6c16f0cb5aa4cdf439397ab668ad5a53, type: 3}
      propertyPath: m_SensorSize.x
      value: 24.89
      objectReference: {fileID: 0}
    - target: {fileID: 11089429, guid: 6c16f0cb5aa4cdf439397ab668ad5a53, type: 3}
      propertyPath: m_SensorSize.y
      value: 18.66
      objectReference: {fileID: 0}
    - target: {fileID: 11089429, guid: 6c16f0cb5aa4cdf439397ab668ad5a53, type: 3}
      propertyPath: m_projectionMatrixMode
      value: 1
      objectReference: {fileID: 0}
    - target: {fileID: 11089429, guid: 6c16f0cb5aa4cdf439397ab668ad5a53, type: 3}
      propertyPath: m_AllowDynamicResolution
      value: 0
      objectReference: {fileID: 0}
    - target: {fileID: 825560624181979021, guid: 6c16f0cb5aa4cdf439397ab668ad5a53, type: 3}
      propertyPath: m_Controller
      value: 
      objectReference: {fileID: 9100000, guid: 42341f116a2da8149a96c0a62e58db5d, type: 2}
    - target: {fileID: 1853192987995948436, guid: 6c16f0cb5aa4cdf439397ab668ad5a53, type: 3}
      propertyPath: m_Name
      value: Weapon
      objectReference: {fileID: 0}
    - target: {fileID: 1853192987995948437, guid: 6c16f0cb5aa4cdf439397ab668ad5a53, type: 3}
      propertyPath: m_RootOrder
      value: 0
      objectReference: {fileID: 0}
    - target: {fileID: 1853192987995948437, guid: 6c16f0cb5aa4cdf439397ab668ad5a53, type: 3}
      propertyPath: m_LocalPosition.x
      value: 0
      objectReference: {fileID: 0}
    - target: {fileID: 1853192987995948437, guid: 6c16f0cb5aa4cdf439397ab668ad5a53, type: 3}
      propertyPath: m_LocalPosition.y
      value: 0
      objectReference: {fileID: 0}
    - target: {fileID: 1853192987995948437, guid: 6c16f0cb5aa4cdf439397ab668ad5a53, type: 3}
      propertyPath: m_LocalPosition.z
      value: 0
      objectReference: {fileID: 0}
    - target: {fileID: 1853192987995948437, guid: 6c16f0cb5aa4cdf439397ab668ad5a53, type: 3}
      propertyPath: m_LocalRotation.w
      value: 0.5
      objectReference: {fileID: 0}
    - target: {fileID: 1853192987995948437, guid: 6c16f0cb5aa4cdf439397ab668ad5a53, type: 3}
      propertyPath: m_LocalRotation.x
      value: -0.5
      objectReference: {fileID: 0}
    - target: {fileID: 1853192987995948437, guid: 6c16f0cb5aa4cdf439397ab668ad5a53, type: 3}
      propertyPath: m_LocalRotation.y
      value: 0.5
      objectReference: {fileID: 0}
    - target: {fileID: 1853192987995948437, guid: 6c16f0cb5aa4cdf439397ab668ad5a53, type: 3}
      propertyPath: m_LocalRotation.z
      value: 0.5
      objectReference: {fileID: 0}
    - target: {fileID: 1853192987995948437, guid: 6c16f0cb5aa4cdf439397ab668ad5a53, type: 3}
      propertyPath: m_LocalEulerAnglesHint.x
      value: -90
      objectReference: {fileID: 0}
    - target: {fileID: 1853192987995948437, guid: 6c16f0cb5aa4cdf439397ab668ad5a53, type: 3}
      propertyPath: m_LocalEulerAnglesHint.y
      value: 0
      objectReference: {fileID: 0}
    - target: {fileID: 1853192987995948437, guid: 6c16f0cb5aa4cdf439397ab668ad5a53, type: 3}
      propertyPath: m_LocalEulerAnglesHint.z
      value: 90
      objectReference: {fileID: 0}
    m_RemovedComponents: []
  m_SourcePrefab: {fileID: 100100000, guid: 6c16f0cb5aa4cdf439397ab668ad5a53, type: 3}
--- !u!4 &3486945576513400747 stripped
Transform:
  m_CorrespondingSourceObject: {fileID: 1853192987995948437, guid: 6c16f0cb5aa4cdf439397ab668ad5a53, type: 3}
  m_PrefabInstance: {fileID: 3013967748176620094}
  m_PrefabAsset: {fileID: 0}
